@inproceedings{artemis,
  author = {Artzi, Shay and Dolby, Julian and Jensen, Simon Holm and M{\o}ller, Anders and Tip, Frank},
  title = {A Framework for Automated Testing of {JavaScript} Web Applications},
  booktitle = {ICSE}, 
  year = {2011}
} 

@inproceedings{mugshot,
  author = {Mickens, James and Elson, Jeremy and Howell, Jon},
  title = {{Mugshot: Deterministic Capture and Replay for JavaScript Applications}},
  booktitle = {NSDI},
  year={2010}
} 

@inproceedings{staticJsWWW09,
  author = {Guha, Arjun and Krishnamurthi, Shriram and Jim, Trevor},
  title = {{Using Static Analysis for Ajax Intrusion Detection}},
  booktitle = {WWW},
  year = {2009}
} 

@inproceedings{staticJsWWW11,
 author = {Zheng, Yunhui and Bao, Tao and Zhang, Xiangyu},
 title = {{Statically Locating Web Application Bugs Caused by Asynchronous Calls}},
 booktitle = {WWW},
 year = {2011}
} 

@inproceedings{staticJsFSE11,
  title={Modeling the {HTML} {DOM} and browser {API} in static analysis of {JavaScript} web applications},
  author={Jensen, Simon Holm and Madsen, Magnus and M{\o}ller, Anders},
  booktitle={ESEC/FSE},
  year={2011}
}

@inproceedings{staticJsFSE13,
  title={Practical static analysis of {JavaScript}  applications in the presence of frameworks and libraries},
  author={Madsen, Magnus and Livshits, Benjamin and Fanning, Michael},
  booktitle={ESEC/FSE},
  year={2013}
}

@inproceedings{frolin2013,
  author={Ocariza Jr, Frolin S and Bajaj, Kartik and Pattabiraman, Karthik and Mesbah, Ali},
  title={{An Empirical Study of Client-Side JavaScript Bugs}},
  booktitle = {ESEM},  
  year={2013}
}

@inproceedings{pythia,
  author={Mirshokraie, Shabnam and Mesbah, Ali and Pattabiraman, Karthik},
  title={{PYTHIA: Generating test cases with oracles for JavaScript applications}},
  booktitle={ASE},
  year={2013},
}

@inproceedings{clematisICSE14,
  author = {Alimadadi, Saba and Sequeira, Sheldon and Mesbah, Ali and Pattabiraman, Karthik},
  title = {Understanding {JavaScript} Event-based Interactions},
  booktitle = {Proceedings of the ACM/IEEE International Conference on Software Engineering (ICSE)},
  publisher = {ACM},
  year = {2014},
}

@inproceedings{feedbackConcolic,
  author = {Garg, Pranav and Ivancic, Franjo and Balakrishnan, Gogul and Maeda, Naoto and Gupta, Aarti},
  title = {{Feedback-directed Unit Test Generation for C/C++ Using Concolic Execution}},
  booktitle = {ICSE},
  year = {2013},
}

@inproceedings{hybridconcolic,
  title={{Hybrid concolic testing}},
  author={Majumdar, Rupak and Sen, Koushik},
  booktitle={ICSE},
  year={2007}
}

@inproceedings{kudzu,
  author = {Saxena, Prateek and Akhawe, Devdatta and Hanna, Steve and Mao, Feng and McCamant, Stephen and Song, Dawn},
  title = {{A Symbolic Execution Framework for JavaScript}},
  booktitle = {Proc. of IEEE Symposium on Security and Privacy},
  year = {2010}
}

@inproceedings{flax,
  author={Saxena, Prateek and Hanna, Steve and Poosankam, Pongsin and Song, Dawn},
  title={???},
  booktitle={NDSS},
  year={2010}
}

@inproceedings{cute,
  author = {Sen, Koushik and Marinov, Darko and Agha, Gul},
  title = {{CUTE: A Concolic Unit Testing Engine for C}},
  booktitle = {ESEC/FSE},
  year = {2005},
}

@inproceedings{jalangi,
  author = {Sen, Koushik and Kalasapur, Swaroop and Brutch, Tasneem and Gibbs, Simon},
  title = {{Jalangi: A Tool Framework for Concolic Testing, Selective Record-replay, and Dynamic Analysis of JavaScript}},
  booktitle = {ESEC/FSE},
  year = {2013}
} 

@inproceedings{eventConcolic,
  author = {Anand, Saswat and Naik, Mayur and Harrold, Mary Jean and Yang, Hongseok},
  title = {{Automated Concolic Testing of Smartphone Apps}},
  booktitle = {ESEC/FSE},
  year = {2012}
} 

@inproceedings{klee,
  author = {Cadar, Cristian and Dunbar, Daniel and Engler, Dawson R},
  title = {{KLEE: Unassisted and Automatic Generation of High-Coverage Tests for Complex Systems Programs}},
  booktitle = {OSDI},
  year = {2008}
}

@inproceedings{cvc3,
  author    = "Clark Barrett and Cesare Tinelli",
  title     = "{CVC3}",
  booktitle = "CAV",
  year      = 2007
}

@inproceedings{cvc4,
  author    = "Clark Barrett and Christopher L. Conway and Morgan Deters and
               Liana Hadarean and Dejan Jovanovi\'c and Tim King and
               Andrew Reynolds and Cesare Tinelli",
  title     = "{CVC4}",
  booktitle = "CAV",
  year      = 2011
}

@inproceedings{xmlsolver,
 author = {Genev\`{e}s, Pierre and Laya\"{\i}da, Nabil and Schmitt, Alan},
 title = {{Efficient Static Analysis of XML Paths and Types}},
 booktitle = {PLDI},
 year = {2007},
} 

@incollection{z3,
  author={De Moura, Leonardo and Bj{\o}rner, Nikolaj},
  title={{Z3: An efficient SMT solver}},
  booktitle={Tools and Algorithms for the Construction and Analysis of Systems},
  year={2008},
}

@article{mapreduce,
  title={MapReduce: simplified data processing on large clusters},
  author={Dean, Jeffrey and Ghemawat, Sanjay},
  journal={Communications of the ACM},
  volume={51},
  number={1},
  pages={107--113},
  year={2008},
}

@misc{ZenSjeiti,
  author={Valstar, Ron},
  title={{Emmet JavaScript API}},
  howpublished={\url{http://zen.sjeiti.com/ }}
}

@misc{privatefunctions,
  author = {Valstar, Ron},
  title = {{Unit testing private functions in Javascript}},
  howpublished={\url{http://www.sjeiti.com/unit-testing-private-functions/ }}
}

@misc{ZenCoding,
  author ={GoogleCode},
  title = {{Zen Coding at Google Code}},
  howpublished={\url{https://code.google.com/p/zen-coding/ }}
}	

@misc{ClosureCompiler,
  author={GoogleDevelopers},
  title={{Google Closure Compiler API}},
  howpublished={\url{https://developers.google.com/closure/compiler/ }}
}

@misc{DomAPI,
  author={Oracle},
  title={{W3C DOM API for Java}},
  howpublished={\url{http://docs.oracle.com/javase/7/docs/api/org/w3c/dom/package-summary.html }}
}

@misc{BNSFoffice365,
  author = {MicrosoftPress},
  title  = {{BNSF Railway Co. moves its mobile workforce to the cloud}},
  howpublished = {\url{ http://www.microsoft.com/en-us/news/press/2013/nov13/11-06bnsfcustomerspotlightpr.aspx }}
}

@misc{NodeJsInEnterprise,
  author = {Perkins, Luc},
  title = {{Node.js is taking over the Enterprise â€“ whether you like it or not}},
  howpublished = {\url { http://blog.appfog.com/node-js-is-taking-over-the-enterprise-whether-you-like-it-or-not/ }}
}

@inbook{nodeUpRunning,
  author={Dahl, Ryan},
  year = {2012}, 
  chapter={Foreword by Ryan Dahl}, 
  editor = {Wilson, Mike and Hughes-Croucher, Tom}, 
  title= {{Node Up and Running}}, 
  publisher= {O'Reilly Press}
}

@inbook{jsninja,
  author = {Resig, John and Bibeault, Bear},
  year = {2012},
  chapter = {14 Manipulating the DOM},
  title = {{Secrets of the JavaScript Ninja}},
  publisher = {Manning Publications Co.}
}
@misc{QUnitIntro,
  author = {jQuery Foundation},
  title = {{Introduction to Unit Testing}},
  howpublished = {\url{http://qunitjs.com/intro/ }}
}

@misc{qunit,
  author = {jQuery Foundation},
  title = {{QUnit: A JavaScript Unit Testing framework}},
  howpublished = {\url{http://qunitjs.com/ }}
}

@misc{qunitfixture,
  author = {jQueryFoundation},
  title = {{QUnit Cookbook}},
  howpublished={\url {http://qunitjs.com/cookbook/ }}
}

@misc{domtris,
  author = {Seidelin, Jacab},
  title = {{DOMTRIS: A Tetris clone made with DOM \& JavaScript}},
  howpublished = {\url{http://www.chromeexperiments.com/detail/domtris/ }}
}

@misc{mancala,
  author = {smuppava},
  title = {{Mancala | HTML5 Web Apps}},
  howpublished = {\url {https://01.org/html5webapps/webapps/mancala }}
}

@misc{khanAcademy,
  author = {Khan, Salman},
  title = {{Khan Academy}},
  howpublished = {\url{http://www.khanacademy.org/ }}
}

@misc{redmonk,
  author = {O'Grady, Stephen},
  title = {{The RedMonk Programming Language Rankings: June 2013}},
  howpublished = {\url{http://redmonk.com/sogrady/2013/07/25/language-rankings-6-13/ }}
}

@misc{wikipedia,
  author = {Wikimedia},
  title = {{Wikipedia, the free encyclopedia}},
  howpublished = {\url{http://en.wikipedia.org/ }}
}

@misc{jstests,
  author = {Hidayat, Ariya},
  title = {{Test Frameworks in JavaScript}},
  howpublished = {\url{https://github.com/ariya/phantomjs/wiki/Headless-Testing }}
}

@misc{documentEvaluate,
  author = {MDN},
  title = {{document.evaluate - Web API Interfaces}},
  howpublished = {\url{https://developer.mozilla.org/en-US/docs/Web/API/document.evaluate }}
}

@misc{webdriverjs,
  author = {SeleniumHQ},
  title = {{WebDriverJS User Guide}},
  howpublished = {\url{https://code.google.com/p/selenium/wiki/WebDriverJs }}
}

@misc{webscarab,
  author = {OWASP},
  title = {{OWASP WebScarab Project}},
  howpublished = {\url{https://www.owasp.org/index.php/Category:OWASP_WebScarab_Project }}
}

@misc{jsoup,
  author = {Hedley, Jonathan},
  title = {{jsoup: Java HTML Parser}},
  howpublished = {\url{http://jsoup.org/ }}
}

@misc{phantomjs,
  author = {Hidayat, Ariya},
  title = {{PhantomJS}},
  howpublished = {\url{http://phantomjs.org/ }}
}

@misc{processbuilder,
  author = {Oracle},
  title = {{ProcessBuilder Class}},
  howpublished = {\url{http://docs.oracle.com/javase/7/docs/api/java/lang/ProcessBuilder.html }}
}

@misc{apacheCordova,
  author= {Apache},
  title = {Apache Cordova},
  howpublished = {\url{http://cordova.apache.org/}}
}

@misc{iosWebView,
  author = {AppleDeveloper},
  title = {{UIWebView Class Reference}},
  howpublished = {\url{https://developer.apple.com/library/ios/documentation/uikit/reference/UIWebView_Class/Reference/Reference.html}}
}

@misc{windows8javascript,
  author = {MSDN},
  title = {{Create your first Windows Store app using JavaScript}},
  howpublished = {\url{http://msdn.microsoft.com/en-us/library/windows/apps/br211385.aspx }}
}

@misc{chromeApps,
  author = {GoogleDevelopers},
  title = {{Installable Web Apps}},
  howpublished = {\url{https://developers.google.com/chrome/apps/?csw=1 }}
}

@misc{firefoxOS,
  author = {MDN},
  title = {{Firefox OS}},
  howpublished = {\url{https://developer.mozilla.org/en-US/Firefox_OS }}
}

@misc{androidWebView,
  author = {Raval, Chirag},
  title = {{Develop Android Application using HTML, CSS and JavaScript}},
  howpublished = {\url{http://stackoverflow.com/questions/6785875/develop-android-application-using-html-css-and-javascript}}
}

@misc{blackberryWebWorks,
  author = {BlackBerryDeveloper},
  title = {{BlackBerry WebWorks}},
  howpublished = {\url{http://developer.blackberry.com/html5/documentation/beta/what_is_a_webworks_app.html}}
}

@misc{tizen,
  author = {TizenDevelopers},
  title = {{Sample Web Applications}},
  howpublished = {\url{https://developer.tizen.org/downloads/sample-web-applications }}
}  

@misc{w3dom,
  author = {W3C},
  title = {{Document Object Model (DOM)}},
  howpublished = {\url{http://www.w3.org/DOM/ }}
}

@misc{jalangigit,
  author = {SamsungResearchAmerica},
  title = {SRA-Silicon Valley / jalangi},
  howpublished={\url{https://github.com/SRA-SiliconValley/jalangi }}
}

@misc{npmjava,
  author = {Ferner, Joe},
  title = {{Node.js Bridge API to connect with existing Java APIs}},
  howpublished={\url{https://npmjs.org/package/java}}
}

@article{mesbah:tse12,
  author = {Mesbah, Ali and van Deursen, Arie and Roest, Danny},
  title = {Invariant-based Automatic Testing of Modern Web Applications},
  journal = {IEEE Transactions on Software Engineering (TSE)},
  year = {2012},
  volume = {38},
  number = {1},
  pages = {35--53},
}
  
  